@book{lihhsing,
	author = "Lih-Hsing Hsu, Cheng-Kuan Lin",
	title = "Graph Theory and Interconnection Networks",
	year = "2008",
	publisher = "CRC Press"
}
@online{wikithuatngu,
	title = "Thuật ngữ lý thuyết đồ thị",
	url = "https://vi.wikipedia.org/wiki/Thu%E1%BA%ADt_ng%E1%BB%AF_l%C3%BD_thuy%E1%BA%BFt_%C4%91%E1%BB%93_th%E1%BB%8B"
}
